@ARTICLE{klitzing:qhe,
   AUTHOR="K. von Klitzing and G. Dorda and M. Pepper",
   TITLE="An Introduction to P-adic Numbers",
   PAGES=306,
   YEAR=2003

}