@misc{leinster2016basic,
      title={Basic Category Theory}, 
      author={Tom Leinster},
      year={2016},
      eprint={1612.09375},
      archivePrefix={arXiv},
      primaryClass={math.CT}
}